
@article{localnetworksgowireless,
  author  = {I.J. Wickelgren},
  title   = {Local-area networks go wireless},
  journal = {IEEE Spectrum},
  year    = {1996},
  volume  = {33},
  pages   = {38--40},
}
